
@misc{xetra,
Author = {{Xetra}},
note = "[Online; accessed 18-June-2016]",
Title = {Xetra Trading hours},
  howpublished = "\url{http://www.xetra.com/xetra-en/trading/trading-information/trading-hours}",
}

@misc{HADOOP,
  title = {{Apache Hadoop}},
  howpublished = "\url{https://hadoop.apache.org}"
}

@misc{GitHubAxelPerschmann,
  author = {Axel Perschmann},
  title = {Orderbook Agents},
  year = {2017},
  publisher = {GitHub},
  journal = {GitHub repository},
  howpublished = {\url{https://github.com/axelperschmann/orderbook_agent}},
  %commit = {03ad4b760d843444814a00517594d767f688ce77}
}



@inproceedings{Nevmyvaka:2006,
 author = {Nevmyvaka, Yuriy and Feng, Yi and Kearns, Michael},
 title = {Reinforcement Learning for Optimized Trade Execution},
 booktitle = {Proceedings of the 23rd International Conference on Machine Learning},
 series = {ICML '06},
 year = {2006},
 isbn = {1-59593-383-2},
 location = {Pittsburgh, Pennsylvania, USA},
 pages = {673--680},
 numpages = {8},
 url = {http://doi.acm.org/10.1145/1143844.1143929},
 doi = {10.1145/1143844.1143929},
 acmid = {1143929},
 publisher = {ACM},
 address = {New York, NY, USA},
} 