@inproceedings{Nevmyvaka:2006,
 author = {Nevmyvaka, Yuriy and Feng, Yi and Kearns, Michael},
 title = {Reinforcement Learning for Optimized Trade Execution},
 booktitle = {Proceedings of the 23rd International Conference on Machine Learning},
 series = {ICML '06},
 year = {2006},
 isbn = {1-59593-383-2},
 location = {Pittsburgh, Pennsylvania, USA},
 pages = {673--680},
 numpages = {8},
 url = {http://doi.acm.org/10.1145/1143844.1143929},
 doi = {10.1145/1143844.1143929},
 acmid = {1143929},
 publisher = {ACM},
 address = {New York, NY, USA},
} 


@INPROCEEDINGS{STAR,
    author = {Wolfgang Groﬂ},
    title = {Predicting time series with space-time convolutional and recurrent neural networks},
    year = {2017},
    crossref =     {esann:17},
}

@proceedings{esann:17,
  editor =       {Michel Verleysen},
  title =        "European Symposium on Artificial Neural Networks, Computational Intelligence and Machine Learning",
  booktitle =    "European Symposium on Artificial Neural Networks, Computational Intelligence and Machine Learning",
  publisher =    {ESANN},
  venue =        {Brugge, Belgium},
  month =        apr,
  year =         {2017},
  isbn =         {978-2-87587-038-4},
}